
@article{kelleher2016efficient,
  title={Efficient coalescent simulation and genealogical analysis for large sample sizes},
  author={Kelleher, Jerome and Etheridge, Alison M and McVean, Gilean},
  journal={PLoS computational biology},
  volume={12},
  number={5},
  pages={e1004842},
  year={2016},
  publisher={Public Library of Science}
}

@InCollection{kelleher2020coalescent,
    author={Kelleher, Jerome and Lohse, Konrad},
    editor={Dutheil, Julien Y.},
    title={Coalescent Simulation with msprime},
    bookTitle={Statistical Population Genomics},
    year={2020},
    publisher={Springer US},
    address={New York, NY},
    pages={191--230},
}

@article{hudson2002generating,
    author ={Richard R. Hudson},
    title = {Generating samples under a {Wright-Fisher} neutral model of genetic variation}, 
    year = {2002},
    journal = {Bioinformatics},
    volume = {18},
    number = {2},
    pages = {337--338},
}

@article{gutenkunst2009inferring,
	Author = {Gutenkunst, Ryan N and Hernandez, Ryan D and Williamson, Scott H and Bustamante, Carlos D},
	Journal = {PLoS genetics},
	Number = {10},
	Pages = {e1000695},
	Publisher = {Public Library of Science},
	Title = {Inferring the joint demographic history of multiple populations from multidimensional SNP frequency data},
	Volume = {5},
	Year = {2009}
}

@article{martin2017human,
    title={Human demographic history impacts genetic risk prediction across
        diverse populations},
    author={Martin, Alicia R and Gignoux, Christopher R and Walters,
        Raymond K and Wojcik, Genevieve L and Neale, Benjamin M and Gravel, 
        Simon and Daly, Mark J and Bustamante, Carlos D and Kenny, Eimear E},
    journal={The American Journal of Human Genetics},
    volume={100},
    number={4},
    pages={635--649},
    year={2017},
    publisher={Elsevier}
}
